<?xml version="1.0" encoding="UTF-8"?><collection xmlns="http://www.loc.gov/MARC21/slim"><record><leader>00525nam--2200181-i-4500</leader><controlfield tag="001">000000163</controlfield><controlfield tag="002">20161230</controlfield><controlfield tag="005">20161230201023</controlfield><controlfield tag="008">060222s1000------------r-----000-0-eng-d</controlfield><datafield ind1=" " ind2=" " tag="040"><subfield code="a">IFIN-HH</subfield></datafield><datafield ind1=" " ind2=" " tag="080"><subfield code="a">800.2:802.0</subfield></datafield><datafield ind1="1" ind2=" " tag="100"><subfield code="a">Fries, Charles Carpenter</subfield></datafield><datafield ind1="1" ind2="0" tag="245"><subfield code="a">The structure of english</subfield><subfield code="b">An introduction to the construction of english sentences</subfield><subfield code="c">Charles carpenter fries</subfield></datafield><datafield ind1=" " ind2=" " tag="250"><subfield code="a">New Impression</subfield></datafield><datafield ind1=" " ind2=" " tag="260"><subfield code="a">London</subfield><subfield code="b">Longman</subfield><subfield code="c">1971</subfield></datafield><datafield ind1=" " ind2=" " tag="300"><subfield code="a">XI + 304 P</subfield></datafield><datafield ind1=" " ind2=" " tag="852"><subfield code="a">35933</subfield><subfield code="c">4</subfield></datafield><datafield ind1=" " ind2=" " tag="CAT"><subfield code="a">Sys</subfield><subfield code="c">20130201</subfield><subfield code="h">113451</subfield></datafield></record></collection>